@article{zenesini2024false,
  title={False vacuum decay via bubble formation in ferromagnetic superfluids},
  author={Zenesini, Alessandro and Berti, Anna and Cominotti, Riccardo and Rogora, Chiara and Moss, Ian G and Billam, Thomas P and Carusotto, Iacopo and Lamporesi, Giacomo and Recati, Alessio and Ferrari, Gabriele},
  journal={Nature Physics},
  pages={1--6},
  year={2024},
  publisher={Nature Publishing Group UK London}
}
